<record><leader>00000cas a22000007a 4500</leader><controlfield tag="001">17820636</controlfield><controlfield tag="008">880420d19181919msuwr ne      0    0eng d</controlfield><datafield ind1=" " ind2=" " tag="010"><subfield code="a">sn 88067183 </subfield></datafield><datafield ind1=" " ind2=" " tag="040"><subfield code="a">MPC</subfield><subfield code="b">eng</subfield><subfield code="c">MPC</subfield><subfield code="d">MSJ</subfield><subfield code="d">OCLCQ</subfield></datafield><datafield ind1=" " ind2=" " tag="042"><subfield code="a">msc</subfield></datafield><datafield ind1="0" ind2="0" tag="245"><subfield code="a">Pearl River watchman.</subfield></datafield><datafield ind1=" " ind2=" " tag="260"><subfield code="a">Poplarville, Miss. :</subfield><subfield code="b">[s.n.]</subfield></datafield><datafield ind1=" " ind2=" " tag="310"><subfield code="a">Weekly</subfield></datafield><datafield ind1="1" ind2=" " tag="362"><subfield code="a">Began in 1918; ceased in 1919.</subfield></datafield><datafield ind1=" " ind2=" " tag="588"><subfield code="a">Description based on: Vol. 1, no. 13 (Sept. 13, 1918).</subfield></datafield><datafield ind1=" " ind2=" " tag="752"><subfield code="a">United States</subfield><subfield code="b">Mississippi</subfield><subfield code="c">Pearl River</subfield><subfield code="d">Poplarville.</subfield></datafield><datafield ind1="0" ind2="4" tag="785"><subfield code="t">Free press</subfield><subfield code="w">(DLC)sn 87065567</subfield><subfield code="w">(OCoLC)16260802</subfield></datafield></record>